<record><leader>00000cas a22000007a 4500</leader><controlfield tag="001">21402063</controlfield><controlfield tag="008">900420d18911897nyuwr ne      0    0eng d</controlfield><datafield ind1=" " ind2=" " tag="010"><subfield code="a">sn 90066045 </subfield></datafield><datafield ind1=" " ind2=" " tag="040"><subfield code="a">NYS</subfield><subfield code="b">eng</subfield><subfield code="c">NYS</subfield><subfield code="d">OCLCQ</subfield></datafield><datafield ind1=" " ind2=" " tag="042"><subfield code="a">msc</subfield></datafield><datafield ind1="0" ind2=" " tag="130"><subfield code="a">Auburn Argus (Auburn, N.Y.)</subfield></datafield><datafield ind1="1" ind2="0" tag="245"><subfield code="a">Auburn Argus.</subfield></datafield><datafield ind1=" " ind2=" " tag="260"><subfield code="a">Auburn, N.Y. :</subfield><subfield code="b">J.N. Bailey</subfield></datafield><datafield ind1=" " ind2=" " tag="300"><subfield code="a">v.</subfield></datafield><datafield ind1=" " ind2=" " tag="310"><subfield code="a">Weekly</subfield></datafield><datafield ind1="0" ind2=" " tag="362"><subfield code="a">Vol. 1, no. 1 (Jan. 2, 1891)-</subfield></datafield><datafield ind1="1" ind2=" " tag="362"><subfield code="a">Ceased in Dec. 1897.</subfield></datafield><datafield ind1=" " ind2="4" tag="651"><subfield code="a">Auburn (N.Y.)</subfield><subfield code="v">Newspapers.</subfield></datafield><datafield ind1=" " ind2=" " tag="752"><subfield code="a">United States</subfield><subfield code="b">New York</subfield><subfield code="c">Cayuga</subfield><subfield code="d">Auburn.</subfield></datafield><datafield ind1="0" ind2="7" tag="785"><subfield code="t">Weekly news and Democrat</subfield><subfield code="w">(DLC)sn 85026687</subfield></datafield><datafield ind1="0" ind2="7" tag="785"><subfield code="t">Auburn Democrat-Argus</subfield><subfield code="w">(DLC)sn 90066046</subfield><subfield code="w">(OCoLC)21403049</subfield></datafield><datafield ind1="1" ind2=" " tag="029"><subfield code="a">AU@</subfield><subfield code="b">000025862364</subfield></datafield></record>